@misc{spikingnn,
 title = "{A 45nm CMOS Neuromorphic Chip with a Scalable Architecture for Learning in Networks of Spiking Neurons}",
 author = "Seo, Jae-sun and Brezzo, Bernard and Liu, Yong",
 note = "http://www.modha.org/papers/013.CICC2.pdf"
}

@misc{compass,
 title = "{Compass: A scalable simulator for an architecture for Cognitive Computing}",
 author = "Preissl, Robert and Wong, Theodore M. and Datta, Pallab",
 note = "http://www.modha.org/blog/SC12/SC2012_Compass.pdf"

}

@misc{ibm,
 title = "{Introducing a Brain-inspired Computer}",
 author = "Modha, Dharmendra S.",
 note = "http://www.research.ibm.com/articles/brain-chip.shtml"

}

@misc{drivingvision,
 title = "{Neral Network Vision For Robot Driving}",
 author = "Pomerleau, Dean A.",
 note = "https://www.ri.cmu.edu/pub_files/pub2/pomerleau_dean_1995_1/pomerleau_dean_1995_1.pdf"

}